@article{CerveraLierta18,
  doi             = {10.22331/q-2018-12-21-114},
  % url             = {https://doi.org/10.22331/q-2018-12-21-114},
  title           = {Exact {I}sing model simulation on a quantum computer},
  author          = {Cervera-Lierta, Alba},
  journal         = {{Quantum}},
  % issn            = {2521-327X},
  publisher       = {{Verein zur F{\"{o}}rderung des Open Access Publizierens in den Quantenwissenschaften}},
  volume          = {2},
  % pages           = {114},
  month           = {12},
  year            = {2018}
}

@article{Ferris2014,
  title = {Fourier Transform for Fermionic Systems and the Spectral Tensor Network},
  author = {Ferris, Andrew J.},
  journal = {Phys. Rev. Lett.},
  volume = {113},
  issue = {1},
  % pages = {010401},
  % numpages = {5},
  year = {2014},
  month = {7},
  publisher = {American Physical Society},
  doi = {10.1103/PhysRevLett.113.010401},
  % url = {https://link.aps.org/doi/10.1103/PhysRevLett.113.010401}
}

@article{Verstraete2009,
  title = {Quantum circuits for strongly correlated quantum systems},
  author = {Verstraete, Frank and Cirac, J. Ignacio and Latorre, Jos\'e I.},
  journal = {Phys. Rev. A},
  volume = {79},
  issue = {3},
  % pages = {032316},
  % numpages = {5},
  year = {2009},
  month = {3},
  publisher = {American Physical Society},
  doi = {10.1103/PhysRevA.79.032316},
  % url = {https://link.aps.org/doi/10.1103/PhysRevA.79.032316}
}

@article{Cooley1965,
  title = {An Algorithm for the Machine Calculation of Complex Fourier Series},
  author = {Cooley, James W. and Tukey, John W.},
  journal = {Math. Comput.},
  volume = {19},
  number = {90},
  % pages = {297--301},
  year = {1965},
  month = {4},
  publisher = {American Mathematical Society},
  doi = {10.1090/S0025-5718-1965-0178586-1},
  % url = {https://doi.org/10.1090/S0025-5718-1965-0178586-1}
}