@article{Cervera18,
  author          = {},
  journal         = {},
  number          = {},
  title           = {},
  volume          = {},
  year            = {}
}
